@book{hebb,
	author="Hebb, D.O.",
	title="The Organisation of Behavior",
	publisher="New York: Wiley \& Sons",
	year="1949",
	url="https://ia801604.us.archive.org/27/items/in.ernet.dli.2015.226341/2015.226341.The-Organization.pdf"
}

@book{nnd,
	author="Hagan, M.T.",
	title="Neural Network Design",
	publisher="Boston: PWS Publishing",
	year="1996",
	url="http://hagan.okstate.edu/NNDesign.pdf"
}

@book{brain,
	author="Shepard, G.M.",
	title="The Synaptic Organization of the Brain",
	publisher="Oxford University Press",
	year="2004",
}




